@article{alain2015variance,
  title={Variance reduction in sgd by distributed importance sampling},
  author={Alain, Guillaume and Lamb, Alex and Sankar, Chinnadhurai and Courville, Aaron and Bengio, Yoshua},
  journal={arXiv preprint arXiv:1511.06481},
  year={2015}
}
@inproceedings{chen2019fast,
  title={Fast and Accurate Stochastic Gradient Estimation},
  author={Chen, Beidi and Xu, Yingchen and Shrivastava, Anshumali},
  booktitle={Advances in Neural Information Processing Systems},
  pages={12339--12349},
  year={2019}
}