@article{blei2017variational,
  title={Variational inference: A review for statisticians},
  author={Blei, David M and Kucukelbir, Alp and McAuliffe, Jon D},
  journal={Journal of the American Statistical Association},
  volume={112},
  number={518},
  pages={859--877},
  year={2017},
  publisher={Taylor \& Francis}
}
@misc{doersch2016tutorial,
    title={Tutorial on Variational Autoencoders},
    author={Carl Doersch},
    year={2016},
    eprint={1606.05908},
    archivePrefix={arXiv},
    primaryClass={stat.ML}
}
@misc{kingma2013autoencoding,
    title={Auto-Encoding Variational Bayes},
    author={Diederik P Kingma and Max Welling},
    year={2013},
    eprint={1312.6114},
    archivePrefix={arXiv},
    primaryClass={stat.ML}
}
@misc{kingma2019introduction,
    title={An Introduction to Variational Autoencoders},
    author={Diederik P. Kingma and Max Welling},
    year={2019},
    eprint={1906.02691},
    archivePrefix={arXiv},
    primaryClass={cs.LG}
}