@article{maurer2009empirical,
  title={Empirical Bernstein bounds and sample variance penalization},
  author={Maurer, Andreas and Pontil, Massimiliano},
  journal={arXiv preprint arXiv:0907.3740},
  year={2009}
}

@article{weissman2003inequalities,
  title={Inequalities for the L1 deviation of the empirical distribution},
  author={Weissman, Tsachy and Ordentlich, Erik and Seroussi, Gadiel and Verdu, Sergio and Weinberger, Marcelo J},
  journal={Hewlett-Packard Labs, Tech. Rep},
  year={2003}
}