@InProceedings{Yu_2019_CVPR,
author = {Yu, Bing and Wu, Jingfeng and Ma, Jinwen and Zhu, Zhanxing},
title = {Tangent-Normal Adversarial Regularization for Semi-Supervised Learning},
booktitle = {The IEEE Conference on Computer Vision and Pattern Recognition (CVPR)},
month = {June},
year = {2019}
}