@article{longford1987fast,
  title={A fast scoring algorithm for maximum likelihood estimation in unbalanced mixed models with nested random effects},
  author={Longford, Nicholas T},
  journal={Biometrika},
  volume={74},
  number={4},
  pages={817--827},
  year={1987},
  publisher={Oxford University Press}
}
@misc{kunstner2019limitations,
    title={Limitations of the Empirical Fisher Approximation},
    author={Frederik Kunstner and Lukas Balles and Philipp Hennig},
    year={2019},
    eprint={1905.12558},
    archivePrefix={arXiv},
    primaryClass={cs.LG}
}
@article{martens2014new,
  title={New insights and perspectives on the natural gradient method},
  author={Martens, James},
  journal={arXiv preprint arXiv:1412.1193},
  year={2014}
}
@misc{thomas2019information,
    title={Information matrices and generalization},
    author={Valentin Thomas and Fabian Pedregosa and Bart van MerriÃ«nboer and Pierre-Antoine Mangazol and Yoshua Bengio and Nicolas Le Roux},
    year={2019},
    eprint={1906.07774},
    archivePrefix={arXiv},
    primaryClass={cs.LG}
}