@article{lo2020defending,
	title={Defending Against Multiple and Unforeseen Adversarial Videos},
	author={Shao-Yuan Lo and Vishal M. Patel},
	journal={arXiv preprint arXiv:2009.05244},
	year={2020}
}
