@inproceedings{lo2024adaptive,
	title={Adaptive Batch Normalization Networks for Adversarial Robustness},
	author={Shao-Yuan Lo and Vishal M. Patel},
	journal={IEEE International Conference on Advanced Video and Signal-based Surveillance (AVSS)},
	booktitle={2024}
}
