@inproceedings{pan2023deep,
	title={Deep Learning-based Multi-Organ CT Segmentation with Adversarial Data Augmentation},
	author={Shaoyan Pan and Shao-Yuan Lo and Min Huang and Chaoqiong Ma and Jacob Wynne and Tonghe Wang and Tian Liu and Xiaofeng Yang},
	booktitle={SPIE Medical Imaging},
	year={2023}
}
