@inproceedings{yang2024anomalyruler,
	title={Follow the Rules: Reasoning for Video Anomaly Detection with Large Language Model},
	author={Yuchen Yang and Kwonjoon Lee and Behzad Dariush and Yinzhi Cao and Shao-Yuan Lo},
	year={2024},
	booktitle={Proceedings of the European Conference on Computer Vision (ECCV)}
}