@InProceedings{xu2025towards,
	title={Towards Zero-Shot Anomaly Detection and Reasoning with Multimodal Large Language Models},
	author={Xu, Jiacong and Lo, Shao-Yuan and Safaei, Bardia and Patel, Vishal M and Dwivedi, Isht},
	booktitle = {IEEE/CVF Conference on Computer Vision and Pattern Recognition (CVPR)},
	year = {2023}
}
