@inproceedings{lo2022exploring,
	title={Exploring Adversarially Robust Training for Unsupervised Domain Adaptation},
	author={Shao-Yuan Lo and Vishal M. Patel},
	booktitle={Asian Conference on Computer Vision (ACCV)},
	year={2022}
}
