@inproceedings{pan2025cbct,
	title={CBCT Reconstruction using Single X-ray Projection with Cycle-domain Geometry-integrated Denoising Diffusion Probabilistic Models},
	author={Shaoyan Pan and Junbo Peng and Yuan Gao and Shao-Yuan Lo and Tianyu Luan and Junyuan Li and Tonghe Wang and Chih-Wei Chang and Zhen Tian and Xiaofeng Yang},
	booktitle={IEEE Transactions on Medical Imaging},
	year={2025}
}
