@inproceedings{kao2025comneck,
	title={ComNeck: Bridging Compressed Image Latents and Multimodal LLMs via Universal Transform-Neck},
	author={Kao, Chia-Hao and Chien, Cheng and Tseng, Yu-Jen and Chen, Yi-Hsin and Gnutti, Alessandro and Lo, Shao-Yuan and Peng, Wen-Hsiao and Leonardi, Riccardo},
	booktitle={International Conference on Learning Representations (ICLR)},
	year={2025}
}