@incollection{lo2019exploring,
  title={Exploring semantic segmentation on the DCT representation},
  author={Lo, Shao-Yuan and Hang, Hsueh-Ming},
  booktitle={Proceedings of the ACM Multimedia Asia},
  year={2019}
}
