@incollection{lo2019efficient,
  title={Efficient dense modules of asymmetric convolution for real-time semantic segmentation},
  author={Lo, Shao-Yuan and Hang, Hsueh-Ming and Chan, Sheng-Wei and Lin, Jing-Jhih},
  booktitle={Proceedings of the ACM Multimedia Asia},
  year={2019}
}
