@article{lo2021error,
	title={Error Diffusion Halftoning Against Adversarial Examples},
	author={Shao-Yuan Lo and Vishal M. Patel},
	journal={arXiv preprint arXiv:2101.09451},
	year={2021}
}