@inproceedings{hung2019incorporating,
  title={Incorporating Luminance, Depth and Color Information by a Fusion-Based Network for Semantic Segmentation},
  author={Hung, Shang-Wei and Lo, Shao-Yuan and Hang, Hsueh-Ming},
  booktitle={IEEE International Conference on Image Processing (ICIP)},
  year={2019}
}