@inproceedings{lo2022learning,
	title={Learning Feature Decomposition for Domain Adaptive Monocular Depth Estimation},
	author={Shao-Yuan Lo and Wei Wang and Jim Thomas and Jingjing Zheng and Vishal M. Patel and Cheng-Hao Kuo},
	booktitle={IEEE/RSJ International Conference on Intelligent Robots and Systems (IROS)},
	year={2022}
}
