@inproceedings{chen2018efficient,
  title={Efficient road lane marking detection with deep learning},
  author={Chen, Ping-Rong and Lo, Shao-Yuan and Hang, Hsueh-Ming and Chan, Sheng-Wei and Lin, Jing-Jhih},
  booktitle={IEEE International Conference on Digital Signal Processing (DSP)},
  year={2018}
}
