@phdthesis{lo2019master,
	title   = {Real-Time Semantic Segmentation Networks for Autonomous Driving},
	author  = {Lo, Shao-Yuan},
	year    = {2019},
	school  = {National Chiao Tung University}
}
