@inproceedings{zhang2025overcoming,
	title={Overcoming Multi-step Complexity in Multimodal Theory-of-Mind Reasoning: A Scalable Bayesian Planner},
	author={Chunhui Zhang and Sean Dae Houlihan and Kwonjoon Lee and Nakul Agarwal and Zhongyu Ouyang and Soroush Vosoughi and Shao-Yuan Lo},
	booktitle={International Conference on Machine Learning (ICML)},
	year={2025}
}
