@incollection{lo2021defending,
	title={Defending Against Multiple and Unforeseen Adversarial Videos},
	author={Shao-Yuan Lo and Vishal M. Patel},
	booktitle={IEEE Transactions on Image Processing (T-IP)},
	year={2021}
}
