@inproceedings{lo2021multav,
	title={MultAV: Multiplicative Adversarial Videos},
	author={Shao-Yuan Lo and Vishal M. Patel},
	journal={IEEE International Conference on Advanced Video and Signal-based Surveillance (AVSS)},
	booktitle={2021}
}
