@inproceedings{lo2019multi,
  title={Multi-Class Lane Semantic Segmentation using Efficient Convolutional Networks},
  author={Lo, Shao-Yuan and Hang, Hsueh-Ming and Chan, Sheng-Wei and Lin, Jing-Jhih},
  booktitle={2019 IEEE 21st International Workshop on Multimedia Signal Processing (MMSP)},
  year={2019}
}
