@article{lo2020overcomplete,
	title={Overcomplete Representations Against Adversarial Videos},
	author={Shao-Yuan Lo and Jeya Maria Jose Valanarasu and Vishal M. Patel},
	journal={arXiv preprint arXiv:2012.04262},
	year={2020}
}
