@phdthesis{lo2023phd,
  title   = {Robust Computer Vision Against Adversarial Examples and Domain Shifts},
  author  = {Lo, Shao-Yuan},
  year    = {2023},
  school  = {Johns Hopkins University}
}
