@InProceedings{mittal2024cant,
	author = {Himangi Mittal and Nakul Agarwal and Shao-Yuan Lo and Kwonjoon Lee},
	title = {Canâ€™t make an Omelette without Breaking some Eggs: Plausible Action Anticipation using Large Video-Language Models},
	booktitle = {IEEE/CVF Conference on Computer Vision and Pattern Recognition (CVPR)},
	year = {2024}
}