@article{lo2021adversarially,
	title={Adversarially Robust One-class Novelty Detection},
	author={Shao-Yuan Lo and Poojan Oza and Vishal M. Patel},
	journal={arXiv preprint arXiv:2108.11168},
	year={2021}
}
