@inproceedings{safaei2025filter,
	title={Filter Images First, Generate Instructions Later: Pre-Instruction Data Selection for Visual Instruction Tuning},
	author={Safaei, Bardia and Siddiqui, Faizan and Xu, Jiacong and Patel, Vishal M and Lo, Shao-Yuan},
	booktitle={IEEE/CVF Conference on Computer Vision and Pattern Recognition (CVPR)},
	year={2025}
}
