@inproceedings{lo2022adversarially,
	title={Adversarially Robust One-class Novelty Detection},
	author={Shao-Yuan Lo and Poojan Oza and Vishal M. Patel},
	booktitle={IEEE Transactions on Pattern Analysis and Machine Intelligence (T-PAMI)},
	year={2022}
}
