@inproceedings{guo2024stimuvar,
	title={StimuVAR: Spatiotemporal Stimuli-aware Video Affective Reasoning with Multimodal Large Language Models},
	author={Yuxiang Guo and Faizan Siddiqui and Yang Zhao and Rama Chellappa and Shao-Yuan Lo},
	year={2024},
	booktitle={arXiv:2409.00304}
}