@InProceedings{lo2023spatio,
	author = {Shao-Yuan Lo and Poojan Oza and Sumanth Chennupati and Alejandro Galindo and Vishal M Patel},
	title = {Spatio-Temporal Pixel-Level Contrastive Learning-based Source-Free Domain Adaptation for Video Semantic Segmentation},
	booktitle = {IEEE/CVF Conference on Computer Vision and Pattern Recognition (CVPR)},
	year = {2023}
}