@inproceedings{thatipelli2025egocentric,
	title={Egocentric and Exocentric Methods: A Short Survey},
	author={Anirudh Thatipelli and Shao-Yuan Lo and Amit K. Roy-Chowdhury},
	booktitle={Computer Vision and Image Understanding (CVIU)},
	year={2025}
}
