@inproceedings{pan2025ttt,
	title={TTT-Vnet: A 3D Vision Test-Time Training Model for Medical Image Analysis},
	author={Shaoyan Pan and Vanessa Su and Shao-Yuan Lo and Mingzhe Hu and Yuheng Li and Chih-Wei Chang and Tonghe Wang and Richard L. J. Qiu and Xiaofeng Yang},
	booktitle={SPIE Medical Imaging},
	year={2025}
}
