@InProceedings{guo2024uncertainty,
	author = {Hongji Guo and Nakul Agarwal and Shao-Yuan Lo and Kwonjoon Lee and Qiang Ji},
	title = {Uncertainty-aware Action Decoupling Transformer for Action Anticipation},
	booktitle = {IEEE/CVF Conference on Computer Vision and Pattern Recognition (CVPR)},
	year = {2024}
}