@inproceedings{pan2024patient,
	title={Patient-specific 3D Volumetric CBCT Image Reconstruction with Single X-ray Projection Using Denoising Diffusion Probabilistic Model},
	author={Shaoyan Pan and Shao-Yuan Lo and Chih-Wei Chang and Ella Salari and Tonghe Wang and Justin Roper and Aparna H. Kesarwala and Xiaofeng Yang},
	booktitle={SPIE Medical Imaging},
	year={2024}
}
