% ALPHABETICAL ORDER

@inproceedings{auer2009near,
  title={Near-optimal regret bounds for reinforcement learning},
  author={Auer, Peter and Jaksch, Thomas and Ortner, Ronald},
  booktitle={Advances in neural information processing systems},
  pages={89--96},
  year={2009}
}

@article{azar2013minimax,
  title={Minimax PAC bounds on the sample complexity of reinforcement learning with a generative model},
  author={Azar, Mohammad Gheshlaghi and Munos, R{\'e}mi and Kappen, Hilbert J},
  journal={Machine learning},
  volume={91},
  number={3},
  pages={325--349},
  year={2013},
  publisher={Springer}
}

@article{jin2020reward,
  title={Reward-Free Exploration for Reinforcement Learning},
  author={Jin, Chi and Krishnamurthy, Akshay and Simchowitz, Max and Yu, Tiancheng},
  journal={arXiv preprint arXiv:2002.02794},
  year={2020}
}