@article{kunstner2019limitations,
  title={Limitations of the Empirical Fisher Approximation},
  author={Kunstner, Frederik and Balles, Lukas and Hennig, Philipp},
  journal={arXiv preprint arXiv:1905.12558},
  year={2019}
}
@article{liang2017fisher,
  title={Fisher-rao metric, geometry, and complexity of neural networks},
  author={Liang, Tengyuan and Poggio, Tomaso and Rakhlin, Alexander and Stokes, James},
  journal={arXiv preprint arXiv:1711.01530},
  year={2017}
}
@article{martens2014new,
  title={New insights and perspectives on the natural gradient method},
  author={Martens, James},
  journal={arXiv preprint arXiv:1412.1193},
  year={2014}
}